@online{ey,
    title = {EY website},
    note={\url{https://www.ey.com/tn/fr/home}. (Accessed May 8, 2019)
}

@online{attackphases,
    author = {Gurpreet K. Juneja},
    title = {Ethical Hacking: a technique enhance information security},
    note={\url{http://www.rroij.com/open-access/ethical-hacking-a-technique-to-enhance-information-security.pdf}. (Published Dec, 2013) (Accessed May 8, 2019)
}

@online{phishing,
    author = {Cloudflare},
    title = {What is a Phishing attack},
    note={\url{https://www.cloudflare.com/learning/security/threats/phishing-attack/}. (Accessed May 8, 2019) 
}

@online{mitm,
    author = {Cloudflare},
    title = {Man in the middle attack},
    note={\url{https://www.cloudflare.com/learning/security/threats/man-in-the-middle-attack/}. (Accessed May 8, 2019)
}

@online{ddos,
    author = {Cloudflare},
    title = {Denial of service HTTP flood attack},
    note={\url{https://www.cloudflare.com/learning/ddos/http-flood-ddos-attack/}. (Accessed May 8, 2019)
}

@online{adware,
    author = {Malwarefox},
    title = {Adware popups and removal},
    note={\url{https://www.malwarefox.com/remove-adware-pop-ads-windows-10/}. (Published Nov 15, 2017) (Accessed May 8, 2019)
}

@online{spyware,
    author = {malwarebytes},
    title = {Spyware HawkEyeKeylogger},
    note={\url{https://blog.malwarebytes.com/detections/spyware-hawkeyekeylogger/}. (Accessed May 8, 2019)
}

@book{trojan,
    author = {Eduard Budaca},
    title = {Zeus-based malware strikes back with a blast from the past},
    note={\url{https://download.bitdefender.com/resources/files/News/CaseStudies/study/180/Bitdefender-Whitepaper-TERDOT-crea2079-A4-en-EN-interactive.pdf}. (Published Nov 1, 2017) (Accessed May 8, 2019)
}

@online{ransomware,
    author = {Wikipedia},
    title = {Wannacry ransomware attack},
    note={\url{https://en.wikipedia.org/wiki/WannaCry_ransomware_attack}. (Accessed May 8, 2019)
}

@book{handbook,
    author = {Gerald Kovacich William C. Boni},
    title = {High-Technology Crime Investigator's Handbook 2nd},
    note={\url{https://www.sciencedirect.com/book/9780750679299/high-technology-crime-investigators-handbook}. (Published August 25, 2006) (Accessed April 24, 2019)
}

@online{methodo,
    author = {Van de Weerd, Inge},
    title = {WEM: A design method for CMS-based web applications},
    note={\url{https://www.researchgate.net/publication/27703788_WEM_A_design_method_for_CMS-based_web_applications}. (Published Jan, 2005) (Accessed May 5, 2019)
}

@online{tomchop,
    author = {Tomchop},
    title = {autoruns plugin github repository},
    note={\url{https://github.com/tomchop/volatility-autoruns}. (Published Aug 24, 2018) (Accessed April 24, 2019)
}

@online{superponible,
    author = {Superponible},
    title = {volatility browser plugins github repository},
    note={\url{https://github.com/superponible/volatility-plugins}. (Published Oct 23, 2017) (Accessed April 24, 2019)
}

@online{yara_doc,
    title = {YARA documentation},
    note={\url{https://yara.readthedocs.io/en/v3.8.1/}. (Accessed April 24, 2019)
}

@online{abuseip,
    title = {AbuseIPDB website},
    note={\url{https://www.abuseipdb.com}. (Accessed April 10, 2019)
}

@book{df,
    author = {Cornelia Petronella Grobler},
    title  = {A digital forensics management framework thesis},
    note  = {\url{https://core.ac.uk/download/pdf/18220159.pdf}. (Published Nov, 2011) (Accessed May 13, 2019)
}

@online{virtualbox,
    title = {Oracle Virtualbox product website},
    note={\url{https://www.virtualbox.org/}. (Accessed May 13, 2019)
}

@online{pycharm,
    title = {PyCharm product website},
    note={\url{https://www.jetbrains.com/pycharm/}. (Accessed May 13, 2019)
}

@online{dj_auth,
    title = {Django authentication and password management},
    note={\url{https://docs.djangoproject.com/en/dev/topics/auth/}. (Accessed May 13, 2019)
}

@online{autorun_repo,
    author = {Tomchop},
    title = {Volatility Autoruns plugin code source},
    note={\url{https://github.com/tomchop/volatility-autoruns/blob/master/autoruns.py}. (Published Aug 24, 2018) (Accessed May 13, 2019)
}

@online{captipper,
    author = {Omriher},
    title = {CapTipper github repository},
    note={\url{https://github.com/omriher/CapTipper}. (Published Jan 13, 2015) (Accessed May 13, 2019)
}

@online{payloadsallthings,
    author = {Swissky},
    title = {RCE research on PayloadsAllTheThings github repository},
    note={\url{https://github.com/swisskyrepo/PayloadsAllTheThings/tree/master/Command\%20Injection}. (Published Apr 21, 2019) (Accessed May 13, 2019)
}

@online{hawkeye,
    author = {Microsoft},
    title = {Hawkeye Keylogger Analysis},
    note={\url{https://www.microsoft.com/security/blog/2018/07/11/hawkeye-keylogger-reborn-v8-an-in-depth-campaign-analysis/}. (Published July 11, 2018) (Accessed May 13, 2019)
}

@online{dumpit,
    title = {Comae's Stardust and DumpIt},
    note={\url{https://my.comae.io}. (Accessed May 17, 2019)
}


% @online @book
@ONLINE {example,
    author = "Pierluigi Paganini",
    title  = "Hardware attacks, backdoors and electronic component qualification",
    note  = {\url{http://resources.infosecinstitute.com/}. Published October 2013. Accessed March 14, 2016}
